<?xml version="1.0" encoding="UTF-8"?><record xmlns="http://www.loc.gov/MARC21/slim" xmlns:cinclude="http://apache.org/cocoon/include/1.0" xmlns:zs="http://www.loc.gov/zing/srw/">
  <leader>00308nz  a2200121n  4500</leader>
  <controlfield tag="001">n  93011011 </controlfield>
  <controlfield tag="003">DLC</controlfield>
  <controlfield tag="005">19930205103816.6</controlfield>
  <controlfield tag="008">930205n| acannaab|          |a aaa |||  </controlfield>
  <datafield tag="010" ind1=" " ind2=" ">
    <subfield code="a">n  93011011 </subfield>
  </datafield>
  <datafield tag="040" ind1=" " ind2=" ">
    <subfield code="a">DLC</subfield>
    <subfield code="c">DLC</subfield>
  </datafield>
  <datafield tag="100" ind1="1" ind2="0">
    <subfield code="a">Jurcich, Milenko Juan</subfield>
  </datafield>
  <datafield tag="670" ind1=" " ind2=" ">
    <subfield code="a">His Lola Mora, 1991:</subfield>
    <subfield code="b">cover (Milenko Juan Jurcich)</subfield>
  </datafield>
</record>